@INPROCEEDINGS{2023-ACSOS-FRASP,
  author={Casadei, Roberto and Dente, Francesco and Aguzzi, Gianluca and Pianini, Danilo and Viroli, Mirko},
  booktitle={2023 IEEE International Conference on Autonomic Computing and Self-Organizing Systems (ACSOS)}, 
  title={Self-Organisation Programming: A Functional Reactive Macro Approach}, 
  year={2023},
  volume={},
  number={},
  pages={87-96},
  keywords={Processor scheduling;Computational modeling;Aggregates;Wearable computers;Sodium;Programming;Robot sensing systems;self-organising systems;self-organisation programming;multi-agent systems;emergent behaviour;emergence steering;functional reactive programming;aggregate computing},
  doi={10.1109/ACSOS58161.2023.00026}
}
@INPROCEEDINGS{2023-ACSOS-CoADAPT,
  author={Dragan, Paul-Andrei and Metzger, Andreas and Pohl, Klaus},
  booktitle={2023 IEEE International Conference on Autonomic Computing and Self-Organizing Systems (ACSOS)}, 
  title={Towards the decentralized coordination of multiple self-adaptive systems}, 
  year={2023},
  volume={},
  number={},
  pages={107-116},
  keywords={Constraint optimization;Cloud computing;Runtime;Scalability;Control systems;Planning;Distributed computing;self-adaptive systems;coordination;distributed constraint optimization;cloud computing},
  doi={10.1109/ACSOS58161.2023.00028}
}
