@INPROCEEDINGS{1977-Temporal-Logic,
  author={Pnueli, Amir},
  booktitle={18th Annual Symposium on Foundations of Computer Science (sfcs 1977)},
  title={The temporal logic of programs},
  year={1977},
  volume={},
  number={},
  pages={46--57},
  keywords={Logic;Operating systems;Real time systems;Reasoning about programs;Stress;Power system modeling;Clocks;Programming profession;Safety;System recovery},
  doi={10.1109/SFCS.1977.32}
}
