@INPROCEEDINGS{89597,
  author={Pneuli, A. and Rosner, R.},
  booktitle={Proceedings [1990] 31st Annual Symposium on Foundations of Computer Science}, 
  title={Distributed reactive systems are hard to synthesize}, 
  year={1990},
  volume={},
  number={},
  pages={746-757 vol.2},
  keywords={Logic;Councils;Research and development;Mathematics;Maintenance;Open systems;Automata},
  doi={10.1109/FSCS.1990.89597}}
