@ARTICLE{2021-Specification-Patterns-for-Robotic-Missions,
  author={Menghi, Claudio and Tsigkanos, Christos and Pelliccione, Patrizio and Ghezzi, Carlo and Berger, Thorsten},
  journal={IEEE Transactions on Software Engineering},
  title={Specification Patterns for Robotic Missions},
  year={2021},
  volume={47},
  number={10},
  pages={2208-2224},
  keywords={Software;Service robots;Natural languages;Software engineering;Tools;Task analysis;Mission specification;pattern catalog;robotic mission;model driven engineering},
  doi={10.1109/TSE.2019.2945329}
}
