@INPROCEEDINGS{2023-ACSOS-Self-Organisation_Programming_A_Functional_Reactive_Macro_Approach,
  author={Casadei, Roberto and Dente, Francesco and Aguzzi, Gianluca and Pianini, Danilo and Viroli, Mirko},
  booktitle={2023 IEEE International Conference on Autonomic Computing and Self-Organizing Systems (ACSOS)}, 
  title={Self-Organisation Programming: A Functional Reactive Macro Approach}, 
  year={2023},
  volume={},
  number={},
  pages={87-96},
  keywords={Processor scheduling;Computational modeling;Aggregates;Wearable computers;Sodium;Programming;Robot sensing systems;self-organising systems;self-organisation programming;multi-agent systems;emergent behaviour;emergence steering;functional reactive programming;aggregate computing},
  doi={10.1109/ACSOS58161.2023.00026}
}
