@INPROCEEDINGS{2023-ACSOS-CoADAPT,
  author={Dragan, Paul-Andrei and Metzger, Andreas and Pohl, Klaus},
  booktitle={2023 IEEE International Conference on Autonomic Computing and Self-Organizing Systems (ACSOS)}, 
  title={Towards the decentralized coordination of multiple self-adaptive systems}, 
  year={2023},
  volume={},
  number={},
  pages={107-116},
  keywords={Constraint optimization;Cloud computing;Runtime;Scalability;Control systems;Planning;Distributed computing;self-adaptive systems;coordination;distributed constraint optimization;cloud computing},
  doi={10.1109/ACSOS58161.2023.00028}
}
